<?xml version="1.0" encoding="UTF-8"?><collection xmlns="http://www.loc.gov/MARC21/slim"><record><leader>00395nam--2200157-i-4500</leader><controlfield tag="001">000000069</controlfield><controlfield tag="002">20161230</controlfield><controlfield tag="005">20170101172539</controlfield><controlfield tag="008">060222s1000------------r-----000-0-eng-d</controlfield><datafield ind1=" " ind2=" " tag="080"><subfield code="a">621.8</subfield></datafield><datafield ind1=" " ind2=" " tag="100"><subfield code="a">Gheorghiu, Cezar</subfield></datafield><datafield ind1=" " ind2=" " tag="245"><subfield code="a">Organe de masini pentru muncitori</subfield></datafield><datafield ind1=" " ind2=" " tag="260"><subfield code="a">Bucuresti, Editura Tehnica. 163 P</subfield></datafield><datafield ind1=" " ind2=" " tag="700"><subfield code="a">Gheorghiu, Dan</subfield></datafield><datafield ind1=" " ind2=" " tag="852"><subfield code="a">76367</subfield></datafield><datafield ind1=" " ind2=" " tag="CAT"><subfield code="a">SYS</subfield><subfield code="c">20170101</subfield><subfield code="h">172539</subfield></datafield></record></collection>